<?xml version="1.0" encoding="UTF-8"?><collection xmlns="http://www.loc.gov/MARC21/slim"><record><leader>00603nam--2200193-u-4500</leader><controlfield tag="001">000053495</controlfield><controlfield tag="002">20161230</controlfield><controlfield tag="005">20161230201051</controlfield><controlfield tag="008">110408s1000------------r-----000-0-rum-d</controlfield><datafield ind1=" " ind2=" " tag="040"><subfield code="a">IFIN-HH</subfield></datafield><datafield ind1=" " ind2=" " tag="041"><subfield code="a">rum</subfield></datafield><datafield ind1=" " ind2=" " tag="080"><subfield code="a">550.34:530.145(043)</subfield></datafield><datafield ind1="1" ind2=" " tag="100"><subfield code="a">Anghel, Marius</subfield></datafield><datafield ind1="1" ind2="0" tag="245"><subfield code="a">Model de organizare a structurii materiei la presiuni inalte. aplicatii la fizica procesului de seismogeneza</subfield><subfield code="b">Rezumatul tezei</subfield><subfield code="c">Marius anghel</subfield></datafield><datafield ind1=" " ind2=" " tag="260"><subfield code="a">Bucuresti</subfield><subfield code="b">Ifa</subfield><subfield code="c">1998</subfield></datafield><datafield ind1=" " ind2=" " tag="300"><subfield code="a">51P</subfield></datafield><datafield ind1=" " ind2=" " tag="502"><subfield code="a">Conducator Stiintific: Dr.Doc. Dumitru Enescu</subfield></datafield><datafield ind1=" " ind2=" " tag="852"><subfield code="a">81037</subfield><subfield code="c">550.3</subfield></datafield><datafield ind1=" " ind2=" " tag="CAT"><subfield code="a">Sys</subfield><subfield code="c">20110408</subfield><subfield code="h">103439</subfield></datafield></record></collection>